<?xml version="1.0" encoding="UTF-8"?>
<!--
    Valid marcXchange record, that applies to the xsd
-->
<marcx:collection
    xmlns:xsi='http://www.w3.org/2001/XMLSchema-instance'
    xmlns:marcx='info:lc/xmlns/marcxchange-v1'
    xsi:schemaLocation='info:lc/xmlns/marcxchange-v1'>
    <marcx:record format="danMARC2" type="Bibliographic">
        <marcx:leader>00000n    2200000   4500</marcx:leader>
        <marcx:datafield ind1="0" ind2="0" tag="001">
            <marcx:subfield code="a">20611529</marcx:subfield>
            <marcx:subfield code="b">870970</marcx:subfield>
            <marcx:subfield code="c">19971020</marcx:subfield>
            <marcx:subfield code="d">19940516</marcx:subfield>
            <marcx:subfield code="f">a</marcx:subfield>
        </marcx:datafield>
        <marcx:datafield ind1="0" ind2="0" tag="004">
            <marcx:subfield code="r">n</marcx:subfield>
            <marcx:subfield code="a">e</marcx:subfield>
        </marcx:datafield>
        <marcx:datafield ind1="0" ind2="0" tag="008">
            <marcx:subfield code="t">m</marcx:subfield>
            <marcx:subfield code="u">r</marcx:subfield>
            <marcx:subfield code="a">1994</marcx:subfield>
            <marcx:subfield code="v">0</marcx:subfield>
            <marcx:subfield code="z">1997</marcx:subfield>
            <marcx:subfield code="b">dk</marcx:subfield>
            <marcx:subfield code="j">f</marcx:subfield>
            <marcx:subfield code="l">dan</marcx:subfield>
        </marcx:datafield>
        <marcx:datafield ind1="0" ind2="0" tag="009">
            <marcx:subfield code="a">a</marcx:subfield>
            <marcx:subfield code="g">xx</marcx:subfield>
        </marcx:datafield>
        <marcx:datafield ind1="0" ind2="0" tag="021">
            <marcx:subfield code="a">87-7714-156-3</marcx:subfield>
            <marcx:subfield code="c">hf.</marcx:subfield>
            <marcx:subfield code="d">kr. 78,00</marcx:subfield>
        </marcx:datafield>
        <marcx:datafield ind1="0" ind2="0" tag="032">
            <marcx:subfield code="a">DBF199746</marcx:subfield>
            <marcx:subfield code="x">SFD199746</marcx:subfield>
        </marcx:datafield>
        <marcx:datafield ind1="0" ind2="0" tag="041">
            <marcx:subfield code="a">dan</marcx:subfield>
            <marcx:subfield code="c">eng</marcx:subfield>
        </marcx:datafield>
        <marcx:datafield ind1="0" ind2="0" tag="100">
            <marcx:subfield code="a">Koontz</marcx:subfield>
            <marcx:subfield code="h">Dean R.</marcx:subfield>
        </marcx:datafield>
        <marcx:datafield ind1="0" ind2="0" tag="241">
            <marcx:subfield code="a">The ¤door to December</marcx:subfield>
        </marcx:datafield>
        <marcx:datafield ind1="0" ind2="0" tag="245">
            <marcx:subfield code="a">Døren til december</marcx:subfield>
            <marcx:subfield code="e">Dean Koontz</marcx:subfield>
            <marcx:subfield code="f">oversat fra amerikansk af Inger Vedersø</marcx:subfield>
        </marcx:datafield>
        <marcx:datafield ind1="0" ind2="0" tag="250">
            <marcx:subfield code="a">2. danske udgave</marcx:subfield>
            <marcx:subfield code="x">nyt oplag</marcx:subfield>
            <marcx:subfield code="b">2. udgave</marcx:subfield>
        </marcx:datafield>
        <marcx:datafield ind1="0" ind2="0" tag="260">
            <marcx:subfield code="&amp;">1</marcx:subfield>
            <marcx:subfield code="a">[Kbh.]</marcx:subfield>
            <marcx:subfield code="b">Cicero</marcx:subfield>
            <marcx:subfield code="c">1997</marcx:subfield>
            <marcx:subfield code="k">Nørhaven Rotation, Viborg</marcx:subfield>
        </marcx:datafield>
        <marcx:datafield ind1="0" ind2="0" tag="300">
            <marcx:subfield code="a">331 sider</marcx:subfield>
        </marcx:datafield>
        <marcx:datafield ind1="0" ind2="0" tag="504">
            <marcx:subfield code="&amp;">1</marcx:subfield>
            <marcx:subfield code="a">I videnskabens hellige navn udsætter en sindssyg læge sin lille datter for så hårrejsende eksperimenter, at onde og ukendte kræfter gradvist tager magten over hende</marcx:subfield>
        </marcx:datafield>
        <marcx:datafield ind1="0" ind2="0" tag="520">
            <marcx:subfield code="a">Tidligere: 2. udgave 1994. - 1. udgave. 1993</marcx:subfield>
        </marcx:datafield>
        <marcx:datafield ind1="0" ind2="0" tag="521">
            <marcx:subfield code="a">2. danske udgave</marcx:subfield>
            <marcx:subfield code="c">1994</marcx:subfield>
        </marcx:datafield>
        <marcx:datafield ind1="0" ind2="0" tag="521">
            <marcx:subfield code="b">nyt oplag</marcx:subfield>
            <marcx:subfield code="c">1997</marcx:subfield>
        </marcx:datafield>
        <marcx:datafield ind1="0" ind2="0" tag="652">
            <marcx:subfield code="n">83.8</marcx:subfield>
            <marcx:subfield code="z">26</marcx:subfield>
        </marcx:datafield>
        <marcx:datafield ind1="0" ind2="0" tag="652">
            <marcx:subfield code="o">sk</marcx:subfield>
        </marcx:datafield>
        <marcx:datafield ind1="0" ind2="0" tag="666">
            <marcx:subfield code="0"/>
            <marcx:subfield code="s">gys</marcx:subfield>
        </marcx:datafield>
        <marcx:datafield ind1="0" ind2="0" tag="666">
            <marcx:subfield code="0"/>
            <marcx:subfield code="s">psykisk syge</marcx:subfield>
        </marcx:datafield>
    </marcx:record>
</marcx:collection>
